@misc{wu2015bmlgrid_v1.1,
  author = {Wenhao Wu},
  title = {{STA 242 Assignment 4: R Package `BMLGrid'}},
  howpublished = "\url{git@bitbucket.org:shasqua/stat242_2015_assignment3.git}",
  year = {2015}, 
  note = "[Online; accessed 10-May-2015]"
}

@misc{wickham2014advanced,
  author = {Hadley Wickham},
  title = {{Advanced R}},
  howpublished = "\url{http://adv-r.had.co.nz/}",
  year = {2014}, 
  note = "[Online; accessed 10-May-2015]"
}

